<record><leader>00000cas a22000007a 4500</leader><controlfield tag="001">11560070</controlfield><controlfield tag="008">850109d18641864njuwr ne      0    0eng d</controlfield><datafield ind1=" " ind2=" " tag="010"><subfield code="a">sn 85025051 </subfield></datafield><datafield ind1=" " ind2=" " tag="040"><subfield code="a">NPX</subfield><subfield code="b">eng</subfield><subfield code="c">NPX</subfield><subfield code="d">NJW</subfield><subfield code="d">OCLCQ</subfield></datafield><datafield ind1=" " ind2=" " tag="042"><subfield code="a">msc</subfield></datafield><datafield ind1="0" ind2=" " tag="130"><subfield code="a">Constitutionalist (Elizabeth, N.J.)</subfield></datafield><datafield ind1="1" ind2="4" tag="245"><subfield code="a">The constitutionalist.</subfield></datafield><datafield ind1=" " ind2=" " tag="260"><subfield code="a">Elizabeth, N.J. :</subfield><subfield code="b">Drake &amp; Cook</subfield></datafield><datafield ind1=" " ind2=" " tag="300"><subfield code="a">v.</subfield></datafield><datafield ind1=" " ind2=" " tag="310"><subfield code="a">Weekly</subfield></datafield><datafield ind1="1" ind2=" " tag="362"><subfield code="a">Began with Mar. 9, 1864 issue; ceased in 1864?</subfield></datafield><datafield ind1=" " ind2=" " tag="500"><subfield code="a">Publishers: William O. Price; Drake &amp; Cook.</subfield></datafield><datafield ind1=" " ind2=" " tag="500"><subfield code="a">"Democratic."</subfield></datafield><datafield ind1=" " ind2=" " tag="530"><subfield code="a">Also issued on microfilm as part of the Civil War newspapers collection.</subfield></datafield><datafield ind1=" " ind2=" " tag="588"><subfield code="a">Description based on: Vol. 1, no. 20 (July 16, 1864).</subfield></datafield><datafield ind1=" " ind2=" " tag="752"><subfield code="a">United States</subfield><subfield code="b">New Jersey</subfield><subfield code="c">Union</subfield><subfield code="d">Elizabeth.</subfield></datafield><datafield ind1="0" ind2="0" tag="780"><subfield code="t">Argus (Elizabeth, N.J.)</subfield></datafield><datafield ind1="0" ind2="0" tag="785"><subfield code="t">Union County herald</subfield><subfield code="w">(DLC)sn 85025052</subfield></datafield></record>